<record xmlns="http://www.loc.gov/MARC21/slim" xmlns:xsi="http://www.w3.org/2001/XMLSchema-instance" xsi:schemaLocation="http://www.loc.gov/MARC21/slim http://www.loc.gov/standards/marcxml/schema/MARC21slim.xsd"><leader>     nam a22        4500</leader><controlfield tag="001">001683126</controlfield><controlfield tag="003">NNU</controlfield><controlfield tag="006">m        d        </controlfield><controlfield tag="007">cr cn |||m|||a</controlfield><controlfield tag="008">150313s1911    ua      o     00  0 ara  </controlfield><datafield ind1=" " ind2=" " tag="040"><subfield code="a">NNU</subfield><subfield code="b">eng</subfield><subfield code="c">NNU</subfield></datafield><datafield ind1="0" ind2=" " tag="100"><subfield code="a">Ma&#7717;m&#363;d &#7778;afwat,</subfield><subfield code="d">1825 or 6-1880 or 81.</subfield></datafield><datafield ind1="1" ind2="0" tag="245"><subfield code="a">D&#299;w&#257;n al-mar&#7717;&#363;m Ma&#7717;m&#363;d &#7778;afwat al-shah&#299;r bi-al-S&#257;&#699;&#257;t&#299;</subfield><subfield code="h">[electronic resource] /</subfield><subfield code="c">jama&#699;ahu Mu&#7779;&#7789;af&#225; Rash&#299;d Bik wa-&#7789;aba&#699;ahu &#699;al&#225; nafaqatih.</subfield></datafield><datafield ind1=" " ind2=" " tag="260"><subfield code="a">Mi&#7779;r :</subfield><subfield code="b">Ma&#7789;ba&#699;at al-Ma&#699;&#257;rif,</subfield><subfield code="c">1911.</subfield></datafield><datafield ind1=" " ind2=" " tag="300"><subfield code="a">online resource (6, 176 p.)</subfield></datafield><datafield ind1=" " ind2=" " tag="500"><subfield code="a">Part of the Arabic Collections Online (ACO) project, contributed by New York Univeristy Libraries.</subfield></datafield><datafield ind1=" " ind2=" " tag="533"><subfield code="a">Electronic reproduction.</subfield><subfield code="b">New York, N.Y. :</subfield><subfield code="c">New York University,</subfield><subfield code="d">2015.</subfield><subfield code="5">NNU</subfield></datafield><datafield ind1="1" ind2=" " tag="700"><subfield code="a">Rash&#299;d, Mu&#7779;&#7789;af&#225;,</subfield><subfield code="c">Bik.</subfield></datafield><datafield ind1="2" ind2=" " tag="710"><subfield code="a">New York University.</subfield><subfield code="b">Libraries.</subfield></datafield><datafield ind1="0" ind2=" " tag="730"><subfield code="a">Arabic Collections Online.</subfield></datafield><datafield ind1="0" ind2="8" tag="776"><subfield code="i">Print version:</subfield><subfield code="a">Ma&#7717;m&#363;d &#7778;afwat, 1825 or 6-1880 or 81.</subfield><subfield code="t">D&#299;w&#257;n al-mar&#7717;&#363;m Ma&#7717;m&#363;d &#7778;afwat al-shah&#299;r bi-al-S&#257;&#699;&#257;t&#299;</subfield><subfield code="w">(NNU)001683126</subfield><subfield code="w">(DLC)73219937</subfield></datafield><datafield ind1="4" ind2="0" tag="856"><subfield code="u">http://hdl.handle.net/2333.1/k98sfb1r</subfield></datafield><datafield ind1=" " ind2=" " tag="959"><subfield code="a">NNU</subfield><subfield code="b">WEB</subfield><subfield code="c">GENI</subfield><subfield code="t">0</subfield><subfield code="m">Electronic access</subfield><subfield code="s">01</subfield></datafield><datafield ind1=" " ind2=" " tag="999"><subfield code="i">NNU_001683126</subfield><subfield code="s">nyu_aco000558</subfield><subfield code="e">(ERROR-880)(ERROR-MISC)</subfield></datafield></record>